%%% Finite Element Method

% Remark: Boundary conditions and impedance.
@book{monk,
    author = {P. Monk},
    title = {Finite Element Methods for Maxwell's Equations},
    publisher = {Oxford Science Publications},
    year = {2003},

    volume = {},
    number = {},
    pages = {},
    note = {},

    doi = {},
    isbn = {0-19-850888-3}
}

% Remark: Fenics tutorial.
@book{fenics,
    author = {H. P. Langtangen and A. Logg},
    title = {Solving PDEs in Python: The FEniCS Tutorial I},
    publisher = {Springer},
    year = {2016},

    volume = {},
    number = {},
    pages = {},
    note = {},

    doi = {10.1007/978-3-319-52462-7},
    isbn = {978-3-319-52461-0}
}

% Remark: Lecture nodes on numerical approximation of PDEs.
@misc{numapproxPDEs,
    author = {F. Nobile},
    title = {Lecture Notes of the course Numerical Approximation of Partial Differential Equations},
    year = {2017-2018},
}

%%% Rational Interpolation

@article{helmholtz-motivation,
    author = {F. Bonizzoni and F. Nobile and I. Perugia},
    title = {Convergence analysis of Padé approximations for Helmholtz frequency response problems},
    journal = {ESAIM: M2AN},
    year = {2018},

    volume = {52},
    number = {4},
    pages = {1261 -- 1284},
    note = {},

    doi = {10.1051/m2an/2017050}
}

% Remark: Householder triangularization algorithm.
@article{householder,
    author = {L. N. Trefethen},
    title = {Householder triangularization of a quasimatrix},
    journal = {IMA Journal of Numerical Analysis},
    year = {2010},

    volume = {30},
    number = {4},
    pages = {887-897},
    note = {},

    doi = {10.1093/imanum/drp018}
}

% Remark: Greedy MRI algorithm.
@article{greedyMRI,
    author = {F. Bonzzoni and D. Pradovera and M. Ruggeri},
    title = {Rational-based model order reduction of Helmholtz frequency response problems with adaptive finite element snapshots},
    archivePrefix = {arXiv},
    eprint = {2112.04302},
    year = {2021},

    doi = {10.48550/arXiv.2112.04302}
}

% Remark: Scattering matrix.
@article{shortMRI,
    author = {D. Pradovera and F. Nobile},
    title = {Frequency-domain non-intrusive greedy Model Order Reduction based on minimal rational approximation},
    booktitle={Scientific Computing in Electrical Engineering},
    publisher={Springer International Publishing},
    year = {2021},

    pages = {159--167},
    note = {},

    doi = {10.1007/978-3-030-84238-3_16},
    isbn = {978-3-030-84238-3}
}

% Remark: Theoretical results for rational interpolation (error bound).
@article{theoryMRI,
    author = {D. Pradovera},
    title = {Interpolatory rational model order reduction of parametric problems lacking uniform inf-sup stability},
    journal = {SIAM Journal on Numerical Analysis},
    year = {2020},

    volume = {58},
    number = {4},
    pages = {2265--2293},
    note = {},

    doi = {10.1137/19M1269695}
}

% Remark: Rational barycentric root finding technique
@misc{klein,
   author = {G. Klein},
   title = {Applications of Linear Barycentric Rational Interpolation},
   year = {2012},
   howpublished  = {\url{https://core.ac.uk/download/pdf/20659062.pdf}}
}
% 

@phdthesis{davidePHD,
   author = {D. Pradovera},
   title = {Model order reduction based on functional rational approximants for parametric PDEs with meromorphic structure},
   school = {EPFL},
   note = {Thèse n$^\circ$ 9271},
   year = {2021}
}

%%% Dual Mode Circular Waveguide Filter

% Remark: Contains S11 and S21
@article{DMCWF-FrequencySweep,
    author = {V. de la Rubia and U. Razafison and Y. Maday},
    title = {Reliable Fast Frequency Sweep for Microwave Devices via the Reduced-Basis Method},
    journal = {IEEE Transactions on Microwave Theory and Techniques},
    year = {2009},

    volume = {57},
    number = {12},
    pages = {2923 -- 2937},
    note = {},

    doi = {10.1109/TMTT.2009.2034208}
}

% Remark: All dimensions of the modeled DMCWF taken from here.
@article{DMCWF-Dimensions,
    author = {J. R. Montejo-Garai and J. Zapata},
    title = {Full-Wave Design and Realization of Multicoupled Dual-Mode Circular Waveguide Filters},
    journal = {IEEE Transactions on Microwave Theory and Techniques},
    year = {1995},

    volume = {43},
    number = {6},
    pages = {1290 -- 1291},
    note = {},

    doi = {}
}

% Remark: Plots.
@article{DMCWF-Plots,
    author = {V. de la Rubia and J. Zapata},
    title = {Microwave Circuit Design by Means of Direct Decomposition in the Finite-Element Method},
    journal = {IEEE Transactions on Microwave Theory and Techniques},
    year = {2007},

    volume = {55},
    number = {7},
    pages = {1520 -- 1530},
    note = {},

    doi = {10.1109/TMTT.2007.900307}
}

% !!!! TODO
% Remark: Suggests nice choice of gauge transformation.
@mastersthesis{gauge-transformation,
   author = {F. Kagerer},
   title = {Finite Elements for Maxwell's Equations},
   howpublished = {},
   year = {2018},
   note = {},
   school = {Johannes Kepler University Linz},
   type = {BSc Thesis},

   doi = {}
}

% Remark: The Git with all implementations
@misc{git,
   author = {F. Matti},
   title = {Minimal Rational Interpolation for Time-Harmonic Maxwell's Equations},
   howpublished  = {\url{https://github.com/FMatti/Maxwell-MRI}}
}